%%%% Cycle Consistency
@inproceedings{zhou2015multi,
  title={Multi-image matching via fast alternating minimization},
  author={Zhou, Xiaowei and Zhu, Menglong and Daniilidis, Kostas},
  booktitle={Proceedings of the IEEE International Conference on Computer Vision},
  pages={4032--4040},
  year={2015}
}

@article{wang2017multi,
  title={Multi-Image Semantic Matching by Mining Consistent Features},
  author={Wang, Qianqian and Zhou, Xiaowei and Daniilidis, Kostas},
  journal={arXiv preprint arXiv:1711.07641},
  year={2017}
}

@article{leonardos2016distributed,
  title={Distributed consistent data association},
  author={Leonardos, Spyridon and Zhou, Xiaowei and Daniilidis, Kostas},
  journal={arXiv preprint arXiv:1609.07015},
  year={2016}
}

@inproceedings{tron2017fast,
  title={Fast multi-image matching via density-based clustering},
  author={Tron, Roberto and Zhou, Xiaowei and Esteves, Carlos and Daniilidis, Kostas},
  booktitle={Proc. IEEE Conf. Comput. Vis. Pattern Recognit.},
  pages={4057--4066},
  year={2017}
}

@inproceedings{pachauri2013solving,
  title={Solving the multi-way matching problem by permutation synchronization},
  author={Pachauri, Deepti and Kondor, Risi and Singh, Vikas},
  booktitle={Advances in neural information processing systems},
  pages={1860--1868},
  year={2013}
}

@inproceedings{arrigoni2017synchronization,
  title={Synchronization in the Symmetric Inverse Semigroup},
  author={Arrigoni, Federica and Maset, Eleonora and Fusiello, Andrea},
  booktitle={International Conference on Image Analysis and Processing},
  pages={70--81},
  year={2017},
  organization={Springer}
}

%%%% Graph Neural Networks
@article{bronstein2017geometric,
  title={Geometric deep learning: going beyond euclidean data},
  author={Bronstein, Michael M and Bruna, Joan and LeCun, Yann and Szlam, Arthur and Vandergheynst, Pierre},
  journal={IEEE Signal Processing Magazine},
  volume={34},
  number={4},
  pages={18--42},
  year={2017},
  publisher={IEEE}
}

@article{bruna2013spectral,
  title={Spectral networks and locally connected networks on graphs},
  author={Bruna, Joan and Zaremba, Wojciech and Szlam, Arthur and LeCun, Yann},
  journal={arXiv preprint arXiv:1312.6203},
  year={2013}
}

@inproceedings{defferrard2016convolutional,
  title={Convolutional neural networks on graphs with fast localized spectral filtering},
  author={Defferrard, Micha{\"e}l and Bresson, Xavier and Vandergheynst, Pierre},
  booktitle={Advances in Neural Information Processing Systems},
  pages={3844--3852},
  year={2016}
}

@article{kipf2016semi,
  title={Semi-supervised classification with graph convolutional networks},
  author={Kipf, Thomas N and Welling, Max},
  journal={arXiv preprint arXiv:1609.02907},
  year={2016}
}

@article{scarselli2009graph,
  title={The graph neural network model},
  author={Scarselli, Franco and Gori, Marco and Tsoi, Ah Chung and Hagenbuchner, Markus and Monfardini, Gabriele},
  journal={IEEE Transactions on Neural Networks},
  volume={20},
  number={1},
  pages={61--80},
  year={2009},
  publisher={IEEE}
}

@article{gama2018mimo,
  title={MIMO Graph Filters for Convolutional Neural Networks},
  author={Gama, Fernando and Marques, Antonio G and Ribeiro, Alejandro and Leus, Geert},
  journal={arXiv preprint arXiv:1803.02247},
  year={2018}
}

@inproceedings{gama2018convolutional,
  title={Convolutional neural networks via node-varying graph filters},
  author={Gama, Fernando and Leus, Geert and Marques, Antonio G and Ribeiro, Alejandro},
  booktitle={2018 IEEE Data Science Workshop (DSW)},
  pages={1--5},
  year={2018},
  organization={IEEE}
}


%%%% Graph or Pairwise Matching
@inproceedings{suh2015subgraph,
  title={Subgraph matching using compactness prior for robust feature correspondence},
  author={Suh, Yumin and Adamczewski, Kamil and Mu Lee, Kyoung},
  booktitle={Proceedings of the IEEE Conference on Computer Vision and Pattern Recognition},
  pages={5070--5078},
  year={2015}
}

@article{hu2016distributable,
  title={Distributable Consistent Multi-Graph Matching},
  author={Hu, Nan and Thibert, Boris and Guibas, Leonidas},
  journal={arXiv preprint arXiv:1611.07191},
  year={2016}
}

@inproceedings{yi2018learning,
  title={Learning to Find Good Correspondences},
  author={Yi, Kwang Moo and Trulls, Eduard and Ono, Yuki and Lepetit, Vincent and Salzmann, Mathieu and Fua, Pascal},
  booktitle={Proceedings of the 2018 IEEE/CVF Conference on Computer Vision and Pattern Recognition (CVPR)},
  number={CONF},
  year={2018}
}


%%%% Other
@inproceedings{zhu2015single,
  title={Single image pop-up from discriminatively learned parts},
  author={Zhu, Menglong and Zhou, Xiaowei and Daniilidis, Kostas},
  booktitle={Proceedings of the IEEE International Conference on Computer Vision},
  pages={927--935},
  year={2015}
}

