%%%% Rome 16K
@inproceedings{li2010location,
  title={Location recognition using prioritized feature matching},
  author={Li, Yunpeng and Snavely, Noah and Huttenlocher, Daniel P},
  booktitle={European conference on computer vision},
  pages={791--804},
  year={2010},
  organization={Springer}
}

%%%% Image Matching
@article{fischler1981random,
  title={Random sample consensus: a paradigm for model fitting with applications to image analysis and automated cartography},
  author={Fischler, Martin A and Bolles, Robert C},
  journal={Communications of the ACM},
  volume={24},
  number={6},
  pages={381--395},
  year={1981},
  publisher={ACM}
}

@article{lowe2004distinctive,
  title={Distinctive image features from scale-invariant keypoints},
  author={Lowe, David G},
  journal={International journal of computer vision},
  volume={60},
  number={2},
  pages={91--110},
  year={2004},
  publisher={Springer}
}

@inproceedings{bay2006surf,
  title={SURF: Speeded up robust features},
  author={Bay, Herbert and Tuytelaars, Tinne and Van Gool, Luc},
  booktitle={European conference on computer vision},
  pages={404--417},
  year={2006},
  organization={Springer}
}

@article{calonder2012brief,
  title={BRIEF: Computing a local binary descriptor very fast},
  author={Calonder, Michael and Lepetit, Vincent and Ozuysal, Mustafa and Trzcinski, Tomasz and Strecha, Christoph and Fua, Pascal},
  journal={IEEE Transactions on Pattern Analysis and Machine Intelligence},
  volume={34},
  number={7},
  pages={1281--1298},
  year={2012},
  publisher={IEEE}
}

@article{mur2015orb,
  title={ORB-SLAM: a versatile and accurate monocular SLAM system},
  author={Mur-Artal, Raul and Montiel, Jose Maria Martinez and Tardos, Juan D},
  journal={IEEE Transactions on Robotics},
  volume={31},
  number={5},
  pages={1147--1163},
  year={2015},
  publisher={IEEE}
}

%%%% Graph or Pairwise Matching
@inproceedings{suh2015subgraph,
  title={Subgraph matching using compactness prior for robust feature correspondence},
  author={Suh, Yumin and Adamczewski, Kamil and Mu Lee, Kyoung},
  booktitle={Proceedings of the IEEE Conference on Computer Vision and Pattern Recognition},
  pages={5070--5078},
  year={2015}
}

@article{hu2016distributable,
  title={Distributable Consistent Multi-Graph Matching},
  author={Hu, Nan and Thibert, Boris and Guibas, Leonidas},
  journal={arXiv preprint arXiv:1611.07191},
  year={2016}
}

%%%% Cycle Consistency
@inproceedings{zhou2015multi,
  title={Multi-image matching via fast alternating minimization},
  author={Zhou, Xiaowei and Zhu, Menglong and Daniilidis, Kostas},
  booktitle={Proceedings of the IEEE International Conference on Computer Vision},
  pages={4032--4040},
  year={2015}
}

@article{wang2017multi,
  title={Multi-Image Semantic Matching by Mining Consistent Features},
  author={Wang, Qianqian and Zhou, Xiaowei and Daniilidis, Kostas},
  journal={arXiv preprint arXiv:1711.07641},
  year={2017}
}

@article{leonardos2016distributed,
  title={Distributed consistent data association},
  author={Leonardos, Spyridon and Zhou, Xiaowei and Daniilidis, Kostas},
  journal={arXiv preprint arXiv:1609.07015},
  year={2016}
}

@inproceedings{tron2017fast,
  title={Fast multi-image matching via density-based clustering},
  author={Tron, Roberto and Zhou, Xiaowei and Esteves, Carlos and Daniilidis, Kostas},
  booktitle={Proc. IEEE Conf. Comput. Vis. Pattern Recognit.},
  pages={4057--4066},
  year={2017}
}

@inproceedings{pachauri2013solving,
  title={Solving the multi-way matching problem by permutation synchronization},
  author={Pachauri, Deepti and Kondor, Risi and Singh, Vikas},
  booktitle={Advances in neural information processing systems},
  pages={1860--1868},
  year={2013}
}

@inproceedings{arrigoni2017synchronization,
  title={Synchronization in the Symmetric Inverse Semigroup},
  author={Arrigoni, Federica and Maset, Eleonora and Fusiello, Andrea},
  booktitle={International Conference on Image Analysis and Processing},
  pages={70--81},
  year={2017},
  organization={Springer}
}

@article{zhu2017unpaired,
  title={Unpaired image-to-image translation using cycle-consistent adversarial networks},
  author={Zhu, Jun-Yan and Park, Taesung and Isola, Phillip and Efros, Alexei A},
  journal={arXiv preprint},
  year={2017}
}

%%% Learning feature matching
@inproceedings{zagoruyko2015learning,
  title={Learning to compare image patches via convolutional neural networks},
  author={Zagoruyko, Sergey and Komodakis, Nikos},
  booktitle={Proceedings of the IEEE Conference on Computer Vision and Pattern Recognition},
  pages={4353--4361},
  year={2015}
}

@inproceedings{yi2016lift,
  title={LIFT: Learned invariant feature transform},
  author={Yi, Kwang Moo and Trulls, Eduard and Lepetit, Vincent and Fua, Pascal},
  booktitle={European Conference on Computer Vision},
  pages={467--483},
  year={2016},
  organization={Springer}
}

@inproceedings{brachmann2017dsac,
  title={DSAC-differentiable RANSAC for camera localization},
  author={Brachmann, Eric and Krull, Alexander and Nowozin, Sebastian and Shotton, Jamie and Michel, Frank and Gumhold, Stefan and Rother, Carsten},
  booktitle={IEEE Conference on Computer Vision and Pattern Recognition (CVPR)},
  volume={3},
  year={2017}
}

@inproceedings{choy2016universal,
  title={Universal correspondence network},
  author={Choy, Christopher B and Gwak, JunYoung and Savarese, Silvio and Chandraker, Manmohan},
  booktitle={Advances in Neural Information Processing Systems},
  pages={2414--2422},
  year={2016}
}

@inproceedings{yi2018learning,
  title={Learning to Find Good Correspondences},
  author={Yi, Kwang Moo and Trulls, Eduard and Ono, Yuki and Lepetit, Vincent and Salzmann, Mathieu and Fua, Pascal},
  booktitle={Proceedings of the 2018 IEEE/CVF Conference on Computer Vision and Pattern Recognition (CVPR)},
  number={CONF},
  year={2018}
}

@inproceedings{hartmann2017learned,
  title={Learned multi-patch similarity},
  author={Hartmann, Wilfried and Galliani, Silvano and Havlena, Michal and Van Gool, Luc and Schindler, Konrad},
  booktitle={Proceedings of the IEEE International Conference on Computer Vision},
  pages={1586--1594},
  year={2017}
}

% For Satalites
@inproceedings{workman2015wide,
  title={Wide-area image geolocalization with aerial reference imagery},
  author={Workman, Scott and Souvenir, Richard and Jacobs, Nathan},
  booktitle={Proceedings of the IEEE International Conference on Computer Vision},
  pages={3961--3969},
  year={2015}
}

%%%% Graph Neural Networks
@article{bronstein2017geometric,
  title={Geometric deep learning: going beyond euclidean data},
  author={Bronstein, Michael M and Bruna, Joan and LeCun, Yann and Szlam, Arthur and Vandergheynst, Pierre},
  journal={IEEE Signal Processing Magazine},
  volume={34},
  number={4},
  pages={18--42},
  year={2017},
  publisher={IEEE}
}

@article{bruna2013spectral,
  title={Spectral networks and locally connected networks on graphs},
  author={Bruna, Joan and Zaremba, Wojciech and Szlam, Arthur and LeCun, Yann},
  journal={arXiv preprint arXiv:1312.6203},
  year={2013}
}

@inproceedings{defferrard2016convolutional,
  title={Convolutional neural networks on graphs with fast localized spectral filtering},
  author={Defferrard, Micha{\"e}l and Bresson, Xavier and Vandergheynst, Pierre},
  booktitle={Advances in Neural Information Processing Systems},
  pages={3844--3852},
  year={2016}
}

@inproceedings{kipf2017semi,
  title={Semi-Supervised Classification with Graph Convolutional Networks},
  author={Kipf, Thomas N. and Welling, Max},
  booktitle={International Conference on Learning Representations (ICLR)},
  year={2017}
}

@article{kipf2016variational,
  title={Variational graph auto-encoders},
  author={Kipf, Thomas N and Welling, Max},
  journal={arXiv preprint arXiv:1611.07308},
  year={2016}
}

@article{scarselli2009graph,
  title={The graph neural network model},
  author={Scarselli, Franco and Gori, Marco and Tsoi, Ah Chung and Hagenbuchner, Markus and Monfardini, Gabriele},
  journal={IEEE Transactions on Neural Networks},
  volume={20},
  number={1},
  pages={61--80},
  year={2009},
  publisher={IEEE}
}

@article{gama2018mimo,
  title={MIMO Graph Filters for Convolutional Neural Networks},
  author={Gama, Fernando and Marques, Antonio G and Ribeiro, Alejandro and Leus, Geert},
  journal={arXiv preprint arXiv:1803.02247},
  year={2018}
}

# @article{ying2018hierarchical,
#   title={Hierarchical Graph Representation Learning with Differentiable Pooling},
#   author={Ying, Rex and You, Jiaxuan and Morris, Christopher and Ren, Xiang and Hamilton, William L and Leskovec, Jure},
#   journal={arXiv preprint arXiv:1806.08804},
#   year={2018}
# }

@inproceedings{gama2018convolutional,
  title={Convolutional neural networks via node-varying graph filters},
  author={Gama, Fernando and Leus, Geert and Marques, Antonio G and Ribeiro, Alejandro},
  booktitle={2018 IEEE Data Science Workshop (DSW)},
  pages={1--5},
  year={2018},
  organization={IEEE}
}

@article{gama2019convolutional,
  title={Convolutional neural network architectures for signals supported on graphs},
  author={Gama, Fernando and Marques, Antonio G and Leus, Geert and Ribeiro, Alejandro},
  journal={IEEE Transactions on Signal Processing},
  volume={67},
  number={4},
  pages={1034--1049},
  publisher={IEEE}
}

@article{battaglia2018relational,
  title={Relational inductive biases, deep learning, and graph networks},
  author={Battaglia, Peter W and Hamrick, Jessica B and Bapst, Victor and Sanchez-Gonzalez, Alvaro and Zambaldi, Vinicius and Malinowski, Mateusz and Tacchetti, Andrea and Raposo, David and Santoro, Adam and Faulkner, Ryan and others},
  journal={arXiv preprint arXiv:1806.01261},
  year={2018}
}

@inproceedings{battaglia2016interaction,
  title={Interaction networks for learning about objects, relations and physics},
  author={Battaglia, Peter and Pascanu, Razvan and Lai, Matthew and Rezende, Danilo Jimenez and others},
  booktitle={Advances in neural information processing systems},
  pages={4502--4510},
  year={2016}
}

%%%% Other
@inproceedings{tron2014quotient,
  title={On the quotient representation for the essential manifold},
  author={Tron, Roberto and Daniilidis, Kostas},
  booktitle={Proceedings of the IEEE Conference on Computer Vision and Pattern Recognition},
  pages={1574--1581},
  year={2014}
}

@article{wu2018group,
  title={Group normalization},
  author={Wu, Yuxin and He, Kaiming},
  journal={arXiv preprint arXiv:1803.08494},
  year={2018}
}

@inproceedings{zhu2015single,
  title={Single image pop-up from discriminatively learned parts},
  author={Zhu, Menglong and Zhou, Xiaowei and Daniilidis, Kostas},
  booktitle={Proceedings of the IEEE International Conference on Computer Vision},
  pages={927--935},
  year={2015}
}

@article{kingma2014adam,
  title={Adam: A method for stochastic optimization},
  author={Kingma, Diederik P and Ba, Jimmy},
  journal={arXiv preprint arXiv:1412.6980},
  year={2014}
}

@inproceedings{zach2010disambiguating,
  title={Disambiguating visual relations using loop constraints},
  author={Zach, Christopher and Klopschitz, Manfred and Pollefeys, Marc},
  booktitle={2010 IEEE Computer Society Conference on Computer Vision and Pattern Recognition},
  pages={1426--1433},
  year={2010},
  organization={IEEE}
}

@misc{tensorflow2015,
title={ {TensorFlow}: Large-Scale Machine Learning on Heterogeneous Systems},
url={https://www.tensorflow.org/},
note={Software available from tensorflow.org},
author={
    Mart\'{\i}n~Abadi and
    Ashish~Agarwal and
    Paul~Barham and
    Eugene~Brevdo and
    Zhifeng~Chen and
    Craig~Citro and
    Greg~S.~Corrado and
    Andy~Davis and
    Jeffrey~Dean and
    Matthieu~Devin and
    Sanjay~Ghemawat and
    Ian~Goodfellow and
    Andrew~Harp and
    Geoffrey~Irving and
    Michael~Isard and
    Yangqing Jia and
    Rafal~Jozefowicz and
    Lukasz~Kaiser and
    Manjunath~Kudlur and
    Josh~Levenberg and
    Dandelion~Man\'{e} and
    Rajat~Monga and
    Sherry~Moore and
    Derek~Murray and
    Chris~Olah and
    Mike~Schuster and
    Jonathon~Shlens and
    Benoit~Steiner and
    Ilya~Sutskever and
    Kunal~Talwar and
    Paul~Tucker and
    Vincent~Vanhoucke and
    Vijay~Vasudevan and
    Fernanda~Vi\'{e}gas and
    Oriol~Vinyals and
    Pete~Warden and
    Martin~Wattenberg and
    Martin~Wicke and
    Yuan~Yu and
    Xiaoqiang~Zheng},
  year={2015},
}

@article{bremner1994hinton,
  title={Hinton diagrams: Viewing connection strengths in neural networks},
  author={Bremner, Frederick J and Gotts, Stephen J and Denham, Dina L},
  journal={Behavior Research Methods, Instruments, \& Computers},
  volume={26},
  number={2},
  pages={215--218},
  year={1994},
  publisher={Springer}
}

@article{hajder2006weak,
  title={Weak-perspective structure from motion for strongly contaminated data},
  author={Hajder, Levente and Chetverikov, Dmitry},
  journal={Pattern Recognition Letters},
  volume={27},
  number={14},
  pages={1581--1589},
  year={2006},
  publisher={Elsevier}
}

