
@misc{Authors14,
 author = {Authors},
 title = {The frobnicatable foo filter},
 note = {Face and Gesture  submission ID 324. Supplied as additional material {\tt fg324.pdf}},
 year = 2014
}

@misc{Authors14b,
 author = {Authors},
 title = {Frobnication tutorial},
 note = {Supplied as additional material {\tt tr.pdf}},
 year = 2014
}

@article{Alpher02,
author = {A. Alpher},
title = {Frobnication},
journal = {Journal of Foo},
volume = 12, 
number = 1, 
pages = {234--778}, 
year = 2002
}

@article{Alpher03,
author = {A. Alpher and  J.~P.~N. Fotheringham-Smythe},
title = {Frobnication revisited},
journal = {Journal of Foo},
volume = 13, 
number = 1, 
pages = {234--778}, 
year = 2003
}

@article{Alpher04,
author = {A. Alpher and J.~P.~N. Fotheringham-Smythe and G. Gamow},
title = {Can a machine frobnicate?},
journal = {Journal of Foo},
volume = 14, 
number = 1, 
pages = {234--778}, 
year = 2004
}

@inproceedings{pachauri2013solving,
  title={Solving the multi-way matching problem by permutation synchronization},
  author={Pachauri, Deepti and Kondor, Risi and Singh, Vikas},
  booktitle={Advances in neural information processing systems},
  pages={1860--1868},
  year={2013}
}


@article{hajder2006weak,
  title={Weak-perspective structure from motion for strongly contaminated data},
  author={Hajder, Levente and Chetverikov, Dmitry},
  journal={Pattern Recognition Letters},
  volume={27},
  number={14},
  pages={1581--1589},
  year={2006},
  publisher={Elsevier}
}




